% !TeX spellcheck = de_DE
@book{bass-2012,
	author    = {Bass, Len and Clements, Paul and Kazman, Rick},
	title     = {Software Architecture in Practice},
	booktitle = {Proceedings of the Bi-Annual Symposium on Sweet-Theory},
	year      = {2012},
	edition   = {3. Auflage},
	publisher = {Addison-Wesley Professional}
}

@book{clements-2002,
	author    = {Clements, Paul and Garlan, David and Bass, Len and Stafford, Judith and Nord, Robert and Ivers, James and Little, Reed},
	title     = {Documenting Software Architectures: Views and Beyond},
	year      = {2002},
	publisher = {Pearson Education}
} 

@book{posch-2007,
	author    = {Posch, Torsten and Birken, Klaus and Gerdom, Michael},
	title     = {Basiswissen Softwarearchitektur: verstehen, entwerfen, wiederverwenden},
	year      = {2007},
	edition   = {2. Auflage},
	publisher = {dpunkt-Verlag}
} 

@book{morris-2012,
	author    = {Morris, Johny},
	title     = {Practical Data Migration},
	year      = {2012},
	edition   = {2. Auflage},
	publisher = {British Informatics Society Ltd.}
} \textbf{}

@book{gov-1995,
	author    = {Gamma, Erich and Helm, Richard and Johnson, Ralph  and Vlissides, John},
	title     = {Design Patterns: Elements of Reusable Object-Oriented Software},
	year      = {1994},
	edition   = {1. Auflage},
	publisher = {Addison-Wesley}
} 

@book{wagner-2014,
	author    = {Wagner, Christian},
	title     = {Model-Driven Software Migration: A Methodology: Reengineering, Recovery and Modernization of Legacy Systems},
	year      = {2014},
	publisher = {Springer Vieweg}
} 

@article{gacek-1995,
	author  = {Gacek, Cristina and Abd-Allah, Ahmed and Clark, Bradford and Boehm, Barry},
	title   = {On the Definition of Software System Architecture},
	journal = {ICSE 17 Software Architecture Workshop},
	year    = {1995},
	@url    = {http://www.saga.rs/fileadmin/Content/profinit.eu.maas.at/Academy/sweng-materialy/architecture-design/reading/SwSystemArchitectureDef.pdf}
}

@article{kazman-1996,
	author  = {Kazman, Rick and Abowd, Gregory and Clements, Paul and Bass, Len},
	title   = {Scenario-Based Analysis of Software Architecture},
	journal = {IEEE Software 13 (6)},
	year    = {1996},
	pages   = {47--55},
	@url    = {http://www.sei.cmu.edu/library/assets/scenariobasedanalysis.pdf}
}

@article{eden-2003,
	author  = {Eden, {Amnon H.} and Kazman, Rick},
	title   = {Architecture, Design, Implementation},
	journal = {ICSE '03 Proceedings of the 25th International Conference on Software Engineering},
	year    = {2003},
	pages   = {149--159},
	@url    = {http://www.eden-study.org/articles/2003/icse03.pdf}
}

@article{kruchten-1995,
	author  = {Kruchten, Philippe},
	title   = {Architectural Blueprints - The ''4+1'' View Model of Software Architecture},
	journal = {IEEE Software 12 (6)},
	year    = {1995},
	pages   = {42--50},
	@url    = {http://www.cs.ubc.ca/~gregor/teaching/papers/4+1view-architecture.pdf}
}

@phdthesis{falessi-2007,
	type    = {Dissertation},
	title   = {A Toolbox for Software Architecture Design},
	author  = {Davide Falessi},
	school  = {Universit√† degli Studi di Roma Tor Vergata},
	year    = {2007},
	@URL    = {http://art.torvergata.it/bitstream/2108/387/1/TesiA5%20v8.pdf},
} 

@techreport{quality-iso,
	author  = {{International Organization for Standardization}},
	address = {Geneva},
	Title   = {Systems and software engineering -- Systems and software Quality Requirements and Evaluation (SQuaRE) -- System and software quality models},
	number  = {ISO/IEC 25010:2011},
	Type    = {ISO-Standard},
	Year    = {2011},
	@url    = {http://www.iso.org/iso/catalogue_detail.htm?csnumber=35733}
}